@Book{1980serflingApproximationTheoremsMathematical,
  title = {Approximation Theorems of Mathematical Statistics},
  author = {Serfling, R. J.},
  series = {Wiley Series in Probability and Statistics},
  date = {1980},
  publisher = {Wiley}
}

@Book{1984pollardConvergenceStochasticProcesses,
  title = {Convergence of Stochastic Processes},
  author = {Pollard, David},
  series = {Springer Series in Statistics},
  date = {1984},
  publisher = {Springer New York}
}
